<record><leader>00000cas a22000007a 4500</leader><controlfield tag="001">18386670</controlfield><controlfield tag="008">880822d19661966ohuwr ne      0    0eng d</controlfield><datafield ind1=" " ind2=" " tag="010"><subfield code="a">sn 88077736 </subfield></datafield><datafield ind1=" " ind2=" " tag="040"><subfield code="a">ONP</subfield><subfield code="b">eng</subfield><subfield code="c">ONP</subfield><subfield code="d">OCLCQ</subfield></datafield><datafield ind1=" " ind2=" " tag="042"><subfield code="a">msc</subfield></datafield><datafield ind1="0" ind2=" " tag="130"><subfield code="a">Spectator (Hilltop/west side ed.)</subfield></datafield><datafield ind1="1" ind2="4" tag="245"><subfield code="a">The Spectator.</subfield></datafield><datafield ind1="3" ind2="0" tag="246"><subfield code="a">Hilltop spectator west side</subfield></datafield><datafield ind1="3" ind2="0" tag="246"><subfield code="a">West side-hilltop spectator</subfield></datafield><datafield ind1=" " ind2=" " tag="250"><subfield code="a">Hilltop/west side ed.</subfield></datafield><datafield ind1=" " ind2=" " tag="260"><subfield code="a">Columbus, Ohio :</subfield><subfield code="b">Spectator Print. &amp; Pub. Co.,</subfield><subfield code="c">1966.</subfield></datafield><datafield ind1=" " ind2=" " tag="310"><subfield code="a">Weekly</subfield></datafield><datafield ind1="0" ind2=" " tag="362"><subfield code="a">Vol. 50, no. 4 (May 4, 1966)-v. 50, no. 33 (Nov. 23, 1966).</subfield></datafield><datafield ind1=" " ind2=" " tag="500"><subfield code="a">Published as: Hilltop spectator west side, June 1, 1966-Aug. 31, 1966; and: West side-Hilltop spectator, Sept. 7, 1966-Nov. 23, 1966.</subfield></datafield><datafield ind1=" " ind2=" " tag="752"><subfield code="a">United States</subfield><subfield code="b">Ohio</subfield><subfield code="c">Franklin</subfield><subfield code="d">Columbus.</subfield></datafield><datafield ind1="0" ind2="4" tag="780"><subfield code="t">Hilltop spectator (Columbus, Ohio : 1964)</subfield><subfield code="w">(DLC)sn 88077732</subfield></datafield><datafield ind1="0" ind2="4" tag="780"><subfield code="t">Spectator (West side ed.)</subfield><subfield code="w">(DLC)sn 88077735</subfield></datafield><datafield ind1="0" ind2="0" tag="785"><subfield code="t">Hilltop-west side spectator</subfield><subfield code="w">(DLC)sn 88077737</subfield></datafield></record>